{"date":"2022-12-31","symbol":"AAL","reportedCurrency":"USD","cik":"0000006201","fillingDate":"2023-02-22","acceptedDate":"2023-02-22 08:01:45","calendarYear":"2022","period":"FY","revenue":48971000000,"costOfRevenue":39934000000,"grossProfit":9037000000,"grossProfitRatio":0.1845377877,"researchAndDevelopmentExpenses":0,"generalAndAdministrativeExpenses":0,"sellingAndMarketingExpenses":1815000000,"sellingGeneralAndAdministrativeExpenses":1815000000,"otherExpenses":5422000000,"operatingExpenses":7237000000,"costAndExpenses":47171000000,"interestIncome":216000000,"interestExpense":1962000000,"depreciationAndAmortization":2298000000,"ebitda":2148000000,"ebitdaratio":0.0438626942,"operatingIncome":-150000000,"operatingIncomeRatio":-0.0030630373,"totalOtherIncomeExpensesNet":336000000,"incomeBeforeTax":186000000,"incomeBeforeTaxRatio":0.0037981663,"incomeTaxExpense":59000000,"netIncome":127000000,"netIncomeRatio":0.0025933716,"eps":0.2,"epsdiluted":0.19,"weightedAverageShsOut":650345000,"weightedAverageShsOutDil":655122000,"link":"https:\/\/www.sec.gov\/Archives\/edgar\/data\/6201\/000000620123000018\/0000006201-23-000018-index.htm","finalLink":"https:\/\/www.sec.gov\/Archives\/edgar\/data\/4515\/000000620123000018\/aal-20221231.htm","Ticker":"AAL"}
{"date":"2021-12-31","symbol":"AAL","reportedCurrency":"USD","cik":"0000006201","fillingDate":"2022-02-22","acceptedDate":"2022-02-22 08:03:11","calendarYear":"2021","period":"FY","revenue":29882000000,"costOfRevenue":29855000000,"grossProfit":27000000,"grossProfitRatio":0.000903554,"researchAndDevelopmentExpenses":0,"generalAndAdministrativeExpenses":0,"sellingAndMarketingExpenses":1098000000,"sellingGeneralAndAdministrativeExpenses":1098000000,"otherExpenses":3994000000,"operatingExpenses":5092000000,"costAndExpenses":34947000000,"interestIncome":18000000,"interestExpense":1800000000,"depreciationAndAmortization":4317000000,"ebitda":-748000000,"ebitdaratio":-0.0250317917,"operatingIncome":-5065000000,"operatingIncomeRatio":-0.1695000335,"totalOtherIncomeExpensesNet":2517000000,"incomeBeforeTax":-2548000000,"incomeBeforeTaxRatio":-0.0852687236,"incomeTaxExpense":-555000000,"netIncome":-1993000000,"netIncomeRatio":-0.0666956696,"eps":-3.09,"epsdiluted":-3.09,"weightedAverageShsOut":644015000,"weightedAverageShsOutDil":644015000,"link":"https:\/\/www.sec.gov\/Archives\/edgar\/data\/6201\/000000620122000026\/0000006201-22-000026-index.htm","finalLink":"https:\/\/www.sec.gov\/Archives\/edgar\/data\/4515\/000000620122000026\/aal-20211231.htm","Ticker":"AAL"}
{"date":"2020-12-31","symbol":"AAL","reportedCurrency":"USD","cik":"0000006201","fillingDate":"2021-02-17","acceptedDate":"2021-02-17 17:17:57","calendarYear":"2020","period":"FY","revenue":17337000000,"costOfRevenue":24933000000,"grossProfit":-7596000000,"grossProfitRatio":-0.4381380862,"researchAndDevelopmentExpenses":0,"generalAndAdministrativeExpenses":0,"sellingAndMarketingExpenses":513000000,"sellingGeneralAndAdministrativeExpenses":513000000,"otherExpenses":2969000000,"operatingExpenses":3482000000,"costAndExpenses":28415000000,"interestIncome":41000000,"interestExpense":1227000000,"depreciationAndAmortization":195000000,"ebitda":-10226000000,"ebitdaratio":-0.5898367653,"operatingIncome":-10421000000,"operatingIncomeRatio":-0.601084386,"totalOtherIncomeExpensesNet":-1032000000,"incomeBeforeTax":-11453000000,"incomeBeforeTaxRatio":-0.6606102555,"incomeTaxExpense":-2568000000,"netIncome":-8885000000,"netIncomeRatio":-0.512487743,"eps":-18.36,"epsdiluted":-18.36,"weightedAverageShsOut":483888000,"weightedAverageShsOutDil":483888000,"link":"https:\/\/www.sec.gov\/Archives\/edgar\/data\/6201\/000000620121000014\/0000006201-21-000014-index.htm","finalLink":"https:\/\/www.sec.gov\/Archives\/edgar\/data\/4515\/000000620121000014\/aal-20201231.htm","Ticker":"AAL"}
{"date":"2019-12-31","symbol":"AAL","reportedCurrency":"USD","cik":"0000006201","fillingDate":"2020-02-19","acceptedDate":"2020-02-19 07:31:30","calendarYear":"2019","period":"FY","revenue":45768000000,"costOfRevenue":35379000000,"grossProfit":10389000000,"grossProfitRatio":0.2269926586,"researchAndDevelopmentExpenses":0,"generalAndAdministrativeExpenses":0,"sellingAndMarketingExpenses":1602000000,"sellingGeneralAndAdministrativeExpenses":1602000000,"otherExpenses":5087000000,"operatingExpenses":6689000000,"costAndExpenses":42068000000,"interestIncome":127000000,"interestExpense":1095000000,"depreciationAndAmortization":2318000000,"ebitda":3351000000,"ebitdaratio":0.0732170949,"operatingIncome":1033000000,"operatingIncomeRatio":0.0225703548,"totalOtherIncomeExpensesNet":1223000000,"incomeBeforeTax":2256000000,"incomeBeforeTaxRatio":0.0492920818,"incomeTaxExpense":570000000,"netIncome":1686000000,"netIncomeRatio":0.0368379654,"eps":3.8,"epsdiluted":3.79,"weightedAverageShsOut":443363000,"weightedAverageShsOutDil":444269000,"link":"https:\/\/www.sec.gov\/Archives\/edgar\/data\/6201\/000000620120000023\/0000006201-20-000023-index.htm","finalLink":"https:\/\/www.sec.gov\/Archives\/edgar\/data\/4515\/000000620120000023\/a10k123119.htm","Ticker":"AAL"}
{"date":"2018-12-31","symbol":"AAL","reportedCurrency":"USD","cik":"0000006201","fillingDate":"2019-02-25","acceptedDate":"2019-02-25 07:31:34","calendarYear":"2018","period":"FY","revenue":44541000000,"costOfRevenue":34490000000,"grossProfit":10051000000,"grossProfitRatio":0.2256572596,"researchAndDevelopmentExpenses":0,"generalAndAdministrativeExpenses":0,"sellingAndMarketingExpenses":1520000000,"sellingGeneralAndAdministrativeExpenses":1520000000,"otherExpenses":5088000000,"operatingExpenses":6608000000,"costAndExpenses":41098000000,"interestIncome":118000000,"interestExpense":1056000000,"depreciationAndAmortization":2159000000,"ebitda":2940000000,"ebitdaratio":0.0660066007,"operatingIncome":2505000000,"operatingIncomeRatio":0.0562403179,"totalOtherIncomeExpensesNet":1103000000,"incomeBeforeTax":1884000000,"incomeBeforeTaxRatio":0.0422981074,"incomeTaxExpense":472000000,"netIncome":1412000000,"netIncomeRatio":0.0317011293,"eps":3.04,"epsdiluted":3.03,"weightedAverageShsOut":464236000,"weightedAverageShsOutDil":465660000,"link":"https:\/\/www.sec.gov\/Archives\/edgar\/data\/6201\/000000620119000009\/0000006201-19-000009-index.htm","finalLink":"https:\/\/www.sec.gov\/Archives\/edgar\/data\/4515\/000000620119000009\/a10k123118.htm","Ticker":"AAL"}
{"date":"2022-09-24","symbol":"AAPL","reportedCurrency":"USD","cik":"0000320193","fillingDate":"2022-10-28","acceptedDate":"2022-10-27 18:01:14","calendarYear":"2022","period":"FY","revenue":394328000000,"costOfRevenue":223546000000,"grossProfit":170782000000,"grossProfitRatio":0.4330963056,"researchAndDevelopmentExpenses":26251000000,"generalAndAdministrativeExpenses":0,"sellingAndMarketingExpenses":0,"sellingGeneralAndAdministrativeExpenses":25094000000,"otherExpenses":-334000000,"operatingExpenses":51345000000,"costAndExpenses":274891000000,"interestIncome":2825000000,"interestExpense":2931000000,"depreciationAndAmortization":11104000000,"ebitda":130541000000,"ebitdaratio":0.3310467428,"operatingIncome":119437000000,"operatingIncomeRatio":0.302887444,"totalOtherIncomeExpensesNet":-334000000,"incomeBeforeTax":119103000000,"incomeBeforeTaxRatio":0.3020404333,"incomeTaxExpense":19300000000,"netIncome":99803000000,"netIncomeRatio":0.2530964071,"eps":6.15,"epsdiluted":6.11,"weightedAverageShsOut":16215963000,"weightedAverageShsOutDil":16325819000,"link":"https:\/\/www.sec.gov\/Archives\/edgar\/data\/320193\/000032019322000108\/0000320193-22-000108-index.htm","finalLink":"https:\/\/www.sec.gov\/Archives\/edgar\/data\/320193\/000032019322000108\/aapl-20220924.htm","Ticker":"AAPL"}
{"date":"2021-09-25","symbol":"AAPL","reportedCurrency":"USD","cik":"0000320193","fillingDate":"2021-10-29","acceptedDate":"2021-10-28 18:04:28","calendarYear":"2021","period":"FY","revenue":365817000000,"costOfRevenue":212981000000,"grossProfit":152836000000,"grossProfitRatio":0.4177935963,"researchAndDevelopmentExpenses":21914000000,"generalAndAdministrativeExpenses":0,"sellingAndMarketingExpenses":0,"sellingGeneralAndAdministrativeExpenses":21973000000,"otherExpenses":258000000,"operatingExpenses":43887000000,"costAndExpenses":256868000000,"interestIncome":2843000000,"interestExpense":2645000000,"depreciationAndAmortization":11284000000,"ebitda":120233000000,"ebitdaratio":0.3286697994,"operatingIncome":108949000000,"operatingIncomeRatio":0.2978237753,"totalOtherIncomeExpensesNet":258000000,"incomeBeforeTax":109207000000,"incomeBeforeTaxRatio":0.2985290459,"incomeTaxExpense":14527000000,"netIncome":94680000000,"netIncomeRatio":0.2588179336,"eps":5.67,"epsdiluted":5.61,"weightedAverageShsOut":16701272000,"weightedAverageShsOutDil":16864919000,"link":"https:\/\/www.sec.gov\/Archives\/edgar\/data\/320193\/000032019321000105\/0000320193-21-000105-index.htm","finalLink":"https:\/\/www.sec.gov\/Archives\/edgar\/data\/320193\/000032019321000105\/aapl-20210925.htm","Ticker":"AAPL"}
{"date":"2020-09-26","symbol":"AAPL","reportedCurrency":"USD","cik":"0000320193","fillingDate":"2020-10-30","acceptedDate":"2020-10-29 18:06:25","calendarYear":"2020","period":"FY","revenue":274515000000,"costOfRevenue":169559000000,"grossProfit":104956000000,"grossProfitRatio":0.3823324773,"researchAndDevelopmentExpenses":18752000000,"generalAndAdministrativeExpenses":0,"sellingAndMarketingExpenses":0,"sellingGeneralAndAdministrativeExpenses":19916000000,"otherExpenses":803000000,"operatingExpenses":38668000000,"costAndExpenses":208227000000,"interestIncome":3763000000,"interestExpense":2873000000,"depreciationAndAmortization":11056000000,"ebitda":77344000000,"ebitdaratio":0.2817478098,"operatingIncome":66288000000,"operatingIncomeRatio":0.2414731435,"totalOtherIncomeExpensesNet":803000000,"incomeBeforeTax":67091000000,"incomeBeforeTaxRatio":0.2443983025,"incomeTaxExpense":9680000000,"netIncome":57411000000,"netIncomeRatio":0.2091361128,"eps":3.31,"epsdiluted":3.28,"weightedAverageShsOut":17352119000,"weightedAverageShsOutDil":17528214000,"link":"https:\/\/www.sec.gov\/Archives\/edgar\/data\/320193\/000032019320000096\/0000320193-20-000096-index.htm","finalLink":"https:\/\/www.sec.gov\/Archives\/edgar\/data\/320193\/000032019320000096\/aapl-20200926.htm","Ticker":"AAPL"}
{"date":"2019-09-28","symbol":"AAPL","reportedCurrency":"USD","cik":"0000320193","fillingDate":"2019-10-31","acceptedDate":"2019-10-30 18:12:36","calendarYear":"2019","period":"FY","revenue":260174000000,"costOfRevenue":161782000000,"grossProfit":98392000000,"grossProfitRatio":0.3781776811,"researchAndDevelopmentExpenses":16217000000,"generalAndAdministrativeExpenses":0,"sellingAndMarketingExpenses":0,"sellingGeneralAndAdministrativeExpenses":18245000000,"otherExpenses":1807000000,"operatingExpenses":34462000000,"costAndExpenses":196244000000,"interestIncome":4961000000,"interestExpense":3576000000,"depreciationAndAmortization":12547000000,"ebitda":76477000000,"ebitdaratio":0.2939455903,"operatingIncome":63930000000,"operatingIncomeRatio":0.2457201719,"totalOtherIncomeExpensesNet":1807000000,"incomeBeforeTax":65737000000,"incomeBeforeTaxRatio":0.2526655238,"incomeTaxExpense":10481000000,"netIncome":55256000000,"netIncomeRatio":0.2123809451,"eps":2.99,"epsdiluted":2.97,"weightedAverageShsOut":18471336000,"weightedAverageShsOutDil":18595652000,"link":"https:\/\/www.sec.gov\/Archives\/edgar\/data\/320193\/000032019319000119\/0000320193-19-000119-index.htm","finalLink":"https:\/\/www.sec.gov\/Archives\/edgar\/data\/320193\/000032019319000119\/a10-k20199282019.htm","Ticker":"AAPL"}
{"date":"2018-09-29","symbol":"AAPL","reportedCurrency":"USD","cik":"0000320193","fillingDate":"2018-11-05","acceptedDate":"2018-11-05 08:01:40","calendarYear":"2018","period":"FY","revenue":265595000000,"costOfRevenue":163756000000,"grossProfit":101839000000,"grossProfitRatio":0.3834371882,"researchAndDevelopmentExpenses":14236000000,"generalAndAdministrativeExpenses":0,"sellingAndMarketingExpenses":0,"sellingGeneralAndAdministrativeExpenses":16705000000,"otherExpenses":2005000000,"operatingExpenses":30941000000,"costAndExpenses":194697000000,"interestIncome":5686000000,"interestExpense":3240000000,"depreciationAndAmortization":10903000000,"ebitda":81801000000,"ebitdaratio":0.3079914908,"operatingIncome":70898000000,"operatingIncomeRatio":0.2669402662,"totalOtherIncomeExpensesNet":2005000000,"incomeBeforeTax":72903000000,"incomeBeforeTaxRatio":0.2744893541,"incomeTaxExpense":13372000000,"netIncome":59531000000,"netIncomeRatio":0.2241420207,"eps":3.0,"epsdiluted":2.98,"weightedAverageShsOut":19821508000,"weightedAverageShsOutDil":20000436000,"link":"https:\/\/www.sec.gov\/Archives\/edgar\/data\/320193\/000032019318000145\/0000320193-18-000145-index.htm","finalLink":"https:\/\/www.sec.gov\/Archives\/edgar\/data\/320193\/000032019318000145\/a10-k20189292018.htm","Ticker":"AAPL"}
{"date":"2022-12-31","symbol":"GOOGL","reportedCurrency":"USD","cik":"0001652044","fillingDate":"2023-02-03","acceptedDate":"2023-02-02 21:23:45","calendarYear":"2022","period":"FY","revenue":282836000000,"costOfRevenue":126203000000,"grossProfit":156633000000,"grossProfitRatio":0.553794425,"researchAndDevelopmentExpenses":39500000000,"generalAndAdministrativeExpenses":15724000000,"sellingAndMarketingExpenses":26567000000,"sellingGeneralAndAdministrativeExpenses":42291000000,"otherExpenses":-3514000000,"operatingExpenses":81791000000,"costAndExpenses":207994000000,"interestIncome":2174000000,"interestExpense":357000000,"depreciationAndAmortization":15928000000,"ebitda":90770000000,"ebitdaratio":0.320928029,"operatingIncome":74842000000,"operatingIncomeRatio":0.2646127084,"totalOtherIncomeExpensesNet":-3514000000,"incomeBeforeTax":71328000000,"incomeBeforeTaxRatio":0.2521885474,"incomeTaxExpense":11356000000,"netIncome":59972000000,"netIncomeRatio":0.2120380715,"eps":4.59,"epsdiluted":4.56,"weightedAverageShsOut":13063000000,"weightedAverageShsOutDil":13159000000,"link":"https:\/\/www.sec.gov\/Archives\/edgar\/data\/1652044\/000165204423000016\/0001652044-23-000016-index.htm","finalLink":"https:\/\/www.sec.gov\/Archives\/edgar\/data\/1652044\/000165204423000016\/goog-20221231.htm","Ticker":"GOOGL"}
{"date":"2021-12-31","symbol":"GOOGL","reportedCurrency":"USD","cik":"0001652044","fillingDate":"2022-02-02","acceptedDate":"2022-02-01 21:08:02","calendarYear":"2021","period":"FY","revenue":257637000000,"costOfRevenue":110939000000,"grossProfit":146698000000,"grossProfitRatio":0.569398029,"researchAndDevelopmentExpenses":31562000000,"generalAndAdministrativeExpenses":13510000000,"sellingAndMarketingExpenses":22912000000,"sellingGeneralAndAdministrativeExpenses":36422000000,"otherExpenses":12020000000,"operatingExpenses":67984000000,"costAndExpenses":178923000000,"interestIncome":1499000000,"interestExpense":346000000,"depreciationAndAmortization":12441000000,"ebitda":91155000000,"ebitdaratio":0.3538117584,"operatingIncome":78714000000,"operatingIncomeRatio":0.3055228869,"totalOtherIncomeExpensesNet":12020000000,"incomeBeforeTax":90734000000,"incomeBeforeTaxRatio":0.3521776763,"incomeTaxExpense":14701000000,"netIncome":76033000000,"netIncomeRatio":0.2951167728,"eps":5.69,"epsdiluted":5.61,"weightedAverageShsOut":13352993991,"weightedAverageShsOutDil":13553473900,"link":"https:\/\/www.sec.gov\/Archives\/edgar\/data\/1652044\/000165204422000019\/0001652044-22-000019-index.htm","finalLink":"https:\/\/www.sec.gov\/Archives\/edgar\/data\/1652044\/000165204422000019\/goog-20211231.htm","Ticker":"GOOGL"}
{"date":"2020-12-31","symbol":"GOOGL","reportedCurrency":"USD","cik":"0001652044","fillingDate":"2021-02-03","acceptedDate":"2021-02-02 20:12:25","calendarYear":"2020","period":"FY","revenue":182527000000,"costOfRevenue":84732000000,"grossProfit":97795000000,"grossProfitRatio":0.5357837471,"researchAndDevelopmentExpenses":27573000000,"generalAndAdministrativeExpenses":11052000000,"sellingAndMarketingExpenses":17946000000,"sellingGeneralAndAdministrativeExpenses":28998000000,"otherExpenses":6858000000,"operatingExpenses":56571000000,"costAndExpenses":141303000000,"interestIncome":1865000000,"interestExpense":135000000,"depreciationAndAmortization":13697000000,"ebitda":54921000000,"ebitdaratio":0.3008924707,"operatingIncome":41224000000,"operatingIncomeRatio":0.2258515179,"totalOtherIncomeExpensesNet":6858000000,"incomeBeforeTax":48082000000,"incomeBeforeTaxRatio":0.2634240414,"incomeTaxExpense":7813000000,"netIncome":40269000000,"netIncomeRatio":0.2206194152,"eps":2.96,"epsdiluted":2.93,"weightedAverageShsOut":13616313872,"weightedAverageShsOutDil":13740553816,"link":"https:\/\/www.sec.gov\/Archives\/edgar\/data\/1652044\/000165204421000010\/0001652044-21-000010-index.htm","finalLink":"https:\/\/www.sec.gov\/Archives\/edgar\/data\/1652044\/000165204421000010\/goog-20201231.htm","Ticker":"GOOGL"}
{"date":"2019-12-31","symbol":"GOOGL","reportedCurrency":"USD","cik":"0001652044","fillingDate":"2020-02-04","acceptedDate":"2020-02-03 21:03:59","calendarYear":"2019","period":"FY","revenue":161857000000,"costOfRevenue":71896000000,"grossProfit":89961000000,"grossProfitRatio":0.5558054332,"researchAndDevelopmentExpenses":26018000000,"generalAndAdministrativeExpenses":9551000000,"sellingAndMarketingExpenses":18464000000,"sellingGeneralAndAdministrativeExpenses":28015000000,"otherExpenses":5394000000,"operatingExpenses":54033000000,"costAndExpenses":125929000000,"interestIncome":2427000000,"interestExpense":100000000,"depreciationAndAmortization":15175000000,"ebitda":49406000000,"ebitdaratio":0.3052447531,"operatingIncome":34231000000,"operatingIncomeRatio":0.211489154,"totalOtherIncomeExpensesNet":5394000000,"incomeBeforeTax":39625000000,"incomeBeforeTaxRatio":0.2448148674,"incomeTaxExpense":5282000000,"netIncome":34343000000,"netIncomeRatio":0.2121811228,"eps":2.48,"epsdiluted":2.46,"weightedAverageShsOut":13851914459,"weightedAverageShsOutDil":13971114411,"link":"https:\/\/www.sec.gov\/Archives\/edgar\/data\/1652044\/000165204420000008\/0001652044-20-000008-index.htm","finalLink":"https:\/\/www.sec.gov\/Archives\/edgar\/data\/1652044\/000165204420000008\/goog10-k2019.htm","Ticker":"GOOGL"}
{"date":"2018-12-31","symbol":"GOOGL","reportedCurrency":"USD","cik":"0001652044","fillingDate":"2019-02-05","acceptedDate":"2019-02-04 21:06:38","calendarYear":"2018","period":"FY","revenue":136819000000,"costOfRevenue":59549000000,"grossProfit":77270000000,"grossProfitRatio":0.5647607423,"researchAndDevelopmentExpenses":21419000000,"generalAndAdministrativeExpenses":8126000000,"sellingAndMarketingExpenses":16333000000,"sellingGeneralAndAdministrativeExpenses":24459000000,"otherExpenses":8592000000,"operatingExpenses":45878000000,"costAndExpenses":105427000000,"interestIncome":1878000000,"interestExpense":114000000,"depreciationAndAmortization":9035000000,"ebitda":45498000000,"ebitdaratio":0.332541533,"operatingIncome":26321000000,"operatingIncomeRatio":0.1923782516,"totalOtherIncomeExpensesNet":3521000000,"incomeBeforeTax":34913000000,"incomeBeforeTaxRatio":0.2551765471,"incomeTaxExpense":4177000000,"netIncome":30736000000,"netIncomeRatio":0.2246471616,"eps":2.21,"epsdiluted":2.19,"weightedAverageShsOut":13901396520,"weightedAverageShsOutDil":14066813595,"link":"https:\/\/www.sec.gov\/Archives\/edgar\/data\/1652044\/000165204419000004\/0001652044-19-000004-index.htm","finalLink":"https:\/\/www.sec.gov\/Archives\/edgar\/data\/1652044\/000165204419000004\/goog10-kq42018.htm","Ticker":"GOOGL"}
{"date":"2022-12-31","symbol":"AMZN","reportedCurrency":"USD","cik":"0001018724","fillingDate":"2023-02-03","acceptedDate":"2023-02-02 18:27:34","calendarYear":"2022","period":"FY","revenue":513983000000,"costOfRevenue":446343000000,"grossProfit":67640000000,"grossProfitRatio":0.1315996833,"researchAndDevelopmentExpenses":73213000000,"generalAndAdministrativeExpenses":11891000000,"sellingAndMarketingExpenses":42238000000,"sellingGeneralAndAdministrativeExpenses":54129000000,"otherExpenses":-16806000000,"operatingExpenses":55392000000,"costAndExpenses":501735000000,"interestIncome":989000000,"interestExpense":2367000000,"depreciationAndAmortization":41921000000,"ebitda":38352000000,"ebitdaratio":0.0746172539,"operatingIncome":12248000000,"operatingIncomeRatio":0.0238295819,"totalOtherIncomeExpensesNet":-16806000000,"incomeBeforeTax":-5936000000,"incomeBeforeTaxRatio":-0.0115490201,"incomeTaxExpense":-3217000000,"netIncome":-2722000000,"netIncomeRatio":-0.005295895,"eps":-0.27,"epsdiluted":-0.27,"weightedAverageShsOut":10189000000,"weightedAverageShsOutDil":10189000000,"link":"https:\/\/www.sec.gov\/Archives\/edgar\/data\/1018724\/000101872423000004\/0001018724-23-000004-index.htm","finalLink":"https:\/\/www.sec.gov\/Archives\/edgar\/data\/1018724\/000101872423000004\/amzn-20221231.htm","Ticker":"AMZN"}
{"date":"2021-12-31","symbol":"AMZN","reportedCurrency":"USD","cik":"0001018724","fillingDate":"2022-02-04","acceptedDate":"2022-02-03 18:46:51","calendarYear":"2021","period":"FY","revenue":469822000000,"costOfRevenue":403507000000,"grossProfit":66315000000,"grossProfitRatio":0.1411492012,"researchAndDevelopmentExpenses":56052000000,"generalAndAdministrativeExpenses":8823000000,"sellingAndMarketingExpenses":32551000000,"sellingGeneralAndAdministrativeExpenses":41374000000,"otherExpenses":14633000000,"operatingExpenses":41436000000,"costAndExpenses":444943000000,"interestIncome":448000000,"interestExpense":1809000000,"depreciationAndAmortization":34296000000,"ebitda":74256000000,"ebitdaratio":0.1580513471,"operatingIncome":24879000000,"operatingIncomeRatio":0.0529540975,"totalOtherIncomeExpensesNet":14633000000,"incomeBeforeTax":38151000000,"incomeBeforeTaxRatio":0.0812030939,"incomeTaxExpense":4791000000,"netIncome":33364000000,"netIncomeRatio":0.0710141288,"eps":3.3,"epsdiluted":3.24,"weightedAverageShsOut":10120000000,"weightedAverageShsOutDil":10300000000,"link":"https:\/\/www.sec.gov\/Archives\/edgar\/data\/1018724\/000101872422000005\/0001018724-22-000005-index.htm","finalLink":"https:\/\/www.sec.gov\/Archives\/edgar\/data\/1018724\/000101872422000005\/amzn-20211231.htm","Ticker":"AMZN"}
{"date":"2020-12-31","symbol":"AMZN","reportedCurrency":"USD","cik":"0001018724","fillingDate":"2021-02-03","acceptedDate":"2021-02-02 19:44:10","calendarYear":"2020","period":"FY","revenue":386064000000,"costOfRevenue":334564000000,"grossProfit":51500000000,"grossProfitRatio":0.1333975714,"researchAndDevelopmentExpenses":42740000000,"generalAndAdministrativeExpenses":6668000000,"sellingAndMarketingExpenses":22008000000,"sellingGeneralAndAdministrativeExpenses":28676000000,"otherExpenses":2371000000,"operatingExpenses":28601000000,"costAndExpenses":363165000000,"interestIncome":555000000,"interestExpense":1647000000,"depreciationAndAmortization":25251000000,"ebitda":51076000000,"ebitdaratio":0.1322993079,"operatingIncome":22899000000,"operatingIncomeRatio":0.0593139998,"totalOtherIncomeExpensesNet":2371000000,"incomeBeforeTax":24178000000,"incomeBeforeTaxRatio":0.062626922,"incomeTaxExpense":2863000000,"netIncome":21331000000,"netIncomeRatio":0.055252497,"eps":2.13,"epsdiluted":2.09,"weightedAverageShsOut":10000000000,"weightedAverageShsOutDil":10200000000,"link":"https:\/\/www.sec.gov\/Archives\/edgar\/data\/1018724\/000101872421000004\/0001018724-21-000004-index.htm","finalLink":"https:\/\/www.sec.gov\/Archives\/edgar\/data\/1018724\/000101872421000004\/amzn-20201231.htm","Ticker":"AMZN"}
{"date":"2019-12-31","symbol":"AMZN","reportedCurrency":"USD","cik":"0001018724","fillingDate":"2020-01-31","acceptedDate":"2020-01-30 20:46:13","calendarYear":"2019","period":"FY","revenue":280522000000,"costOfRevenue":241699000000,"grossProfit":38823000000,"grossProfitRatio":0.1383955626,"researchAndDevelopmentExpenses":35931000000,"generalAndAdministrativeExpenses":5203000000,"sellingAndMarketingExpenses":18878000000,"sellingGeneralAndAdministrativeExpenses":24081000000,"otherExpenses":203000000,"operatingExpenses":24282000000,"costAndExpenses":265981000000,"interestIncome":832000000,"interestExpense":1600000000,"depreciationAndAmortization":21789000000,"ebitda":37365000000,"ebitdaratio":0.1331981092,"operatingIncome":14541000000,"operatingIncomeRatio":0.0518355067,"totalOtherIncomeExpensesNet":203000000,"incomeBeforeTax":13976000000,"incomeBeforeTaxRatio":0.0498214044,"incomeTaxExpense":2374000000,"netIncome":11588000000,"netIncomeRatio":0.0413087031,"eps":1.17,"epsdiluted":1.15,"weightedAverageShsOut":9880000000,"weightedAverageShsOutDil":10080000000,"link":"https:\/\/www.sec.gov\/Archives\/edgar\/data\/1018724\/000101872420000004\/0001018724-20-000004-index.htm","finalLink":"https:\/\/www.sec.gov\/Archives\/edgar\/data\/1018724\/000101872420000004\/amzn-20191231x10k.htm","Ticker":"AMZN"}
{"date":"2018-12-31","symbol":"AMZN","reportedCurrency":"USD","cik":"0001018724","fillingDate":"2019-02-01","acceptedDate":"2019-01-31 20:22:40","calendarYear":"2018","period":"FY","revenue":232887000000,"costOfRevenue":202020000000,"grossProfit":30867000000,"grossProfitRatio":0.1325406742,"researchAndDevelopmentExpenses":28837000000,"generalAndAdministrativeExpenses":4336000000,"sellingAndMarketingExpenses":13814000000,"sellingGeneralAndAdministrativeExpenses":18150000000,"otherExpenses":-183000000,"operatingExpenses":18446000000,"costAndExpenses":220466000000,"interestIncome":440000000,"interestExpense":1417000000,"depreciationAndAmortization":15341000000,"ebitda":28019000000,"ebitdaratio":0.1203115674,"operatingIncome":12421000000,"operatingIncomeRatio":0.0533348791,"totalOtherIncomeExpensesNet":-183000000,"incomeBeforeTax":11261000000,"incomeBeforeTaxRatio":0.0483539227,"incomeTaxExpense":1197000000,"netIncome":10073000000,"netIncomeRatio":0.0432527363,"eps":1.03,"epsdiluted":1.01,"weightedAverageShsOut":9740000000,"weightedAverageShsOutDil":10000000000,"link":"https:\/\/www.sec.gov\/Archives\/edgar\/data\/1018724\/000101872419000004\/0001018724-19-000004-index.htm","finalLink":"https:\/\/www.sec.gov\/Archives\/edgar\/data\/1018724\/000101872419000004\/amzn-20181231x10k.htm","Ticker":"AMZN"}
{"date":"2023-06-30","symbol":"MSFT","reportedCurrency":"USD","cik":"0000789019","fillingDate":"2023-07-27","acceptedDate":"2023-07-27 16:01:56","calendarYear":"2023","period":"FY","revenue":211915000000,"costOfRevenue":65863000000,"grossProfit":146052000000,"grossProfitRatio":0.6892008588,"researchAndDevelopmentExpenses":27195000000,"generalAndAdministrativeExpenses":7575000000,"sellingAndMarketingExpenses":22759000000,"sellingGeneralAndAdministrativeExpenses":30334000000,"otherExpenses":788000000,"operatingExpenses":57529000000,"costAndExpenses":123392000000,"interestIncome":2994000000,"interestExpense":1968000000,"depreciationAndAmortization":13861000000,"ebitda":102384000000,"ebitdaratio":0.4831371069,"operatingIncome":88523000000,"operatingIncomeRatio":0.4177288064,"totalOtherIncomeExpensesNet":788000000,"incomeBeforeTax":89311000000,"incomeBeforeTaxRatio":0.4214472784,"incomeTaxExpense":16950000000,"netIncome":72361000000,"netIncomeRatio":0.3414623788,"eps":9.72,"epsdiluted":9.68,"weightedAverageShsOut":7446000000,"weightedAverageShsOutDil":7472000000,"link":"https:\/\/www.sec.gov\/Archives\/edgar\/data\/789019\/000095017023035122\/0000950170-23-035122-index.htm","finalLink":"https:\/\/www.sec.gov\/Archives\/edgar\/data\/789019\/000095017023035122\/msft-20230630.htm","Ticker":"MSFT"}
{"date":"2022-06-30","symbol":"MSFT","reportedCurrency":"USD","cik":"0000789019","fillingDate":"2022-07-28","acceptedDate":"2022-07-28 16:06:19","calendarYear":"2022","period":"FY","revenue":198270000000,"costOfRevenue":62650000000,"grossProfit":135620000000,"grossProfitRatio":0.6840167448,"researchAndDevelopmentExpenses":24512000000,"generalAndAdministrativeExpenses":5900000000,"sellingAndMarketingExpenses":21825000000,"sellingGeneralAndAdministrativeExpenses":27725000000,"otherExpenses":333000000,"operatingExpenses":52237000000,"costAndExpenses":114887000000,"interestIncome":2094000000,"interestExpense":2063000000,"depreciationAndAmortization":14460000000,"ebitda":97843000000,"ebitdaratio":0.4934836334,"operatingIncome":83383000000,"operatingIncomeRatio":0.4205527816,"totalOtherIncomeExpensesNet":333000000,"incomeBeforeTax":83716000000,"incomeBeforeTaxRatio":0.4222323095,"incomeTaxExpense":10978000000,"netIncome":72738000000,"netIncomeRatio":0.3668633681,"eps":9.7,"epsdiluted":9.65,"weightedAverageShsOut":7496000000,"weightedAverageShsOutDil":7540000000,"link":"https:\/\/www.sec.gov\/Archives\/edgar\/data\/789019\/000156459022026876\/0001564590-22-026876-index.htm","finalLink":"https:\/\/www.sec.gov\/Archives\/edgar\/data\/789019\/000156459022026876\/msft-10k_20220630.htm","Ticker":"MSFT"}
{"date":"2021-06-30","symbol":"MSFT","reportedCurrency":"USD","cik":"0000789019","fillingDate":"2021-07-29","acceptedDate":"2021-07-29 16:21:55","calendarYear":"2021","period":"FY","revenue":168088000000,"costOfRevenue":52232000000,"grossProfit":115856000000,"grossProfitRatio":0.6892580077,"researchAndDevelopmentExpenses":20716000000,"generalAndAdministrativeExpenses":5107000000,"sellingAndMarketingExpenses":20117000000,"sellingGeneralAndAdministrativeExpenses":25224000000,"otherExpenses":1186000000,"operatingExpenses":45940000000,"costAndExpenses":98172000000,"interestIncome":2131000000,"interestExpense":2346000000,"depreciationAndAmortization":11686000000,"ebitda":81602000000,"ebitdaratio":0.4854718957,"operatingIncome":69916000000,"operatingIncomeRatio":0.4159487887,"totalOtherIncomeExpensesNet":1186000000,"incomeBeforeTax":71102000000,"incomeBeforeTaxRatio":0.4230046166,"incomeTaxExpense":9831000000,"netIncome":61271000000,"netIncomeRatio":0.3645173956,"eps":8.12,"epsdiluted":8.05,"weightedAverageShsOut":7547000000,"weightedAverageShsOutDil":7608000000,"link":"https:\/\/www.sec.gov\/Archives\/edgar\/data\/789019\/000156459021039151\/0001564590-21-039151-index.htm","finalLink":"https:\/\/www.sec.gov\/Archives\/edgar\/data\/789019\/000156459021039151\/msft-10k_20210630.htm","Ticker":"MSFT"}
{"date":"2020-06-30","symbol":"MSFT","reportedCurrency":"USD","cik":"0000789019","fillingDate":"2020-07-30","acceptedDate":"2020-07-30 20:44:46","calendarYear":"2020","period":"FY","revenue":143015000000,"costOfRevenue":46078000000,"grossProfit":96937000000,"grossProfitRatio":0.6778100199,"researchAndDevelopmentExpenses":19269000000,"generalAndAdministrativeExpenses":5111000000,"sellingAndMarketingExpenses":19598000000,"sellingGeneralAndAdministrativeExpenses":24709000000,"otherExpenses":77000000,"operatingExpenses":43978000000,"costAndExpenses":90056000000,"interestIncome":2680000000,"interestExpense":2591000000,"depreciationAndAmortization":12796000000,"ebitda":65755000000,"ebitdaratio":0.4597769465,"operatingIncome":52959000000,"operatingIncomeRatio":0.3703038143,"totalOtherIncomeExpensesNet":77000000,"incomeBeforeTax":53036000000,"incomeBeforeTaxRatio":0.3708422193,"incomeTaxExpense":8755000000,"netIncome":44281000000,"netIncomeRatio":0.3096248645,"eps":5.82,"epsdiluted":5.76,"weightedAverageShsOut":7610000000,"weightedAverageShsOutDil":7683000000,"link":"https:\/\/www.sec.gov\/Archives\/edgar\/data\/789019\/000156459020034944\/0001564590-20-034944-index.htm","finalLink":"https:\/\/www.sec.gov\/Archives\/edgar\/data\/789019\/000156459020034944\/msft-10k_20200630.htm","Ticker":"MSFT"}
{"date":"2019-06-30","symbol":"MSFT","reportedCurrency":"USD","cik":"0000789019","fillingDate":"2019-08-01","acceptedDate":"2019-08-01 16:09:55","calendarYear":"2019","period":"FY","revenue":125843000000,"costOfRevenue":42910000000,"grossProfit":82933000000,"grossProfitRatio":0.659019572,"researchAndDevelopmentExpenses":16876000000,"generalAndAdministrativeExpenses":4885000000,"sellingAndMarketingExpenses":18213000000,"sellingGeneralAndAdministrativeExpenses":23098000000,"otherExpenses":729000000,"operatingExpenses":39974000000,"costAndExpenses":82884000000,"interestIncome":2762000000,"interestExpense":2686000000,"depreciationAndAmortization":11682000000,"ebitda":54641000000,"ebitdaratio":0.4341997568,"operatingIncome":42959000000,"operatingIncomeRatio":0.3413698021,"totalOtherIncomeExpensesNet":729000000,"incomeBeforeTax":43688000000,"incomeBeforeTaxRatio":0.3471627345,"incomeTaxExpense":4448000000,"netIncome":39240000000,"netIncomeRatio":0.3118171054,"eps":5.11,"epsdiluted":5.06,"weightedAverageShsOut":7673000000,"weightedAverageShsOutDil":7753000000,"link":"https:\/\/www.sec.gov\/Archives\/edgar\/data\/789019\/000156459019027952\/0001564590-19-027952-index.htm","finalLink":"https:\/\/www.sec.gov\/Archives\/edgar\/data\/789019\/000156459019027952\/msft-10k_20190630.htm","Ticker":"MSFT"}
{"date":"2022-12-31","symbol":"TSLA","reportedCurrency":"USD","cik":"0001318605","fillingDate":"2023-01-31","acceptedDate":"2023-01-30 21:29:15","calendarYear":"2022","period":"FY","revenue":81462000000,"costOfRevenue":60609000000,"grossProfit":20853000000,"grossProfitRatio":0.2559843854,"researchAndDevelopmentExpenses":3075000000,"generalAndAdministrativeExpenses":0,"sellingAndMarketingExpenses":0,"sellingGeneralAndAdministrativeExpenses":3946000000,"otherExpenses":-43000000,"operatingExpenses":7021000000,"costAndExpenses":67630000000,"interestIncome":297000000,"interestExpense":191000000,"depreciationAndAmortization":4177000000,"ebitda":17833000000,"ebitdaratio":0.2189118853,"operatingIncome":13656000000,"operatingIncomeRatio":0.167636444,"totalOtherIncomeExpensesNet":63000000,"incomeBeforeTax":13719000000,"incomeBeforeTaxRatio":0.1684098107,"incomeTaxExpense":1132000000,"netIncome":12583000000,"netIncomeRatio":0.1544646584,"eps":4.02,"epsdiluted":3.62,"weightedAverageShsOut":3130000000,"weightedAverageShsOutDil":3475000000,"link":"https:\/\/www.sec.gov\/Archives\/edgar\/data\/1318605\/000095017023001409\/0000950170-23-001409-index.htm","finalLink":"https:\/\/www.sec.gov\/Archives\/edgar\/data\/1318605\/000095017023001409\/tsla-20221231.htm","Ticker":"TSLA"}
{"date":"2021-12-31","symbol":"TSLA","reportedCurrency":"USD","cik":"0001318605","fillingDate":"2022-02-07","acceptedDate":"2022-02-04 20:11:27","calendarYear":"2021","period":"FY","revenue":53823000000,"costOfRevenue":40217000000,"grossProfit":13606000000,"grossProfitRatio":0.2527915575,"researchAndDevelopmentExpenses":2593000000,"generalAndAdministrativeExpenses":0,"sellingAndMarketingExpenses":0,"sellingGeneralAndAdministrativeExpenses":4517000000,"otherExpenses":135000000,"operatingExpenses":7110000000,"costAndExpenses":47327000000,"interestIncome":56000000,"interestExpense":371000000,"depreciationAndAmortization":2911000000,"ebitda":9598000000,"ebitdaratio":0.1783252513,"operatingIncome":6687000000,"operatingIncomeRatio":0.1242405663,"totalOtherIncomeExpensesNet":-344000000,"incomeBeforeTax":6343000000,"incomeBeforeTaxRatio":0.1178492466,"incomeTaxExpense":699000000,"netIncome":5519000000,"netIncomeRatio":0.1025398064,"eps":1.87,"epsdiluted":1.63,"weightedAverageShsOut":2958000000,"weightedAverageShsOutDil":3387000000,"link":"https:\/\/www.sec.gov\/Archives\/edgar\/data\/1318605\/000095017022000796\/0000950170-22-000796-index.htm","finalLink":"https:\/\/www.sec.gov\/Archives\/edgar\/data\/1318605\/000095017022000796\/tsla-20211231.htm","Ticker":"TSLA"}
{"date":"2020-12-31","symbol":"TSLA","reportedCurrency":"USD","cik":"0001318605","fillingDate":"2021-02-08","acceptedDate":"2021-02-08 07:27:23","calendarYear":"2020","period":"FY","revenue":31536000000,"costOfRevenue":24906000000,"grossProfit":6630000000,"grossProfitRatio":0.2102359209,"researchAndDevelopmentExpenses":1491000000,"generalAndAdministrativeExpenses":0,"sellingAndMarketingExpenses":0,"sellingGeneralAndAdministrativeExpenses":3145000000,"otherExpenses":-122000000,"operatingExpenses":4636000000,"costAndExpenses":29542000000,"interestIncome":30000000,"interestExpense":748000000,"depreciationAndAmortization":2230000000,"ebitda":4224000000,"ebitdaratio":0.1339421613,"operatingIncome":1994000000,"operatingIncomeRatio":0.0632293252,"totalOtherIncomeExpensesNet":-840000000,"incomeBeforeTax":1154000000,"incomeBeforeTaxRatio":0.0365930999,"incomeTaxExpense":292000000,"netIncome":690000000,"netIncomeRatio":0.0218797565,"eps":0.25,"epsdiluted":0.21,"weightedAverageShsOut":2799000000,"weightedAverageShsOutDil":3249000000,"link":"https:\/\/www.sec.gov\/Archives\/edgar\/data\/1318605\/000156459021004599\/0001564590-21-004599-index.htm","finalLink":"https:\/\/www.sec.gov\/Archives\/edgar\/data\/1318605\/000156459021004599\/tsla-10k_20201231.htm","Ticker":"TSLA"}
{"date":"2019-12-31","symbol":"TSLA","reportedCurrency":"USD","cik":"0001318605","fillingDate":"2020-02-13","acceptedDate":"2020-02-13 07:12:18","calendarYear":"2019","period":"FY","revenue":24578000000,"costOfRevenue":20509000000,"grossProfit":4069000000,"grossProfitRatio":0.165554561,"researchAndDevelopmentExpenses":1343000000,"generalAndAdministrativeExpenses":0,"sellingAndMarketingExpenses":0,"sellingGeneralAndAdministrativeExpenses":2646000000,"otherExpenses":45000000,"operatingExpenses":3989000000,"costAndExpenses":24498000000,"interestIncome":44000000,"interestExpense":685000000,"depreciationAndAmortization":2154000000,"ebitda":2323000000,"ebitdaratio":0.0945154203,"operatingIncome":169000000,"operatingIncomeRatio":0.006876068,"totalOtherIncomeExpensesNet":-834000000,"incomeBeforeTax":-665000000,"incomeBeforeTaxRatio":-0.0270567174,"incomeTaxExpense":110000000,"netIncome":-775000000,"netIncomeRatio":-0.0315322646,"eps":-0.29,"epsdiluted":-0.29,"weightedAverageShsOut":2661000000,"weightedAverageShsOutDil":2661000000,"link":"https:\/\/www.sec.gov\/Archives\/edgar\/data\/1318605\/000156459020004475\/0001564590-20-004475-index.htm","finalLink":"https:\/\/www.sec.gov\/Archives\/edgar\/data\/1318605\/000156459020004475\/tsla-10k_20191231.htm","Ticker":"TSLA"}
{"date":"2018-12-31","symbol":"TSLA","reportedCurrency":"USD","cik":"0001318605","fillingDate":"2019-02-19","acceptedDate":"2019-02-19 06:10:16","calendarYear":"2018","period":"FY","revenue":21461268000,"costOfRevenue":17419247000,"grossProfit":4042021000,"grossProfitRatio":0.1883402695,"researchAndDevelopmentExpenses":1460370000,"generalAndAdministrativeExpenses":0,"sellingAndMarketingExpenses":0,"sellingGeneralAndAdministrativeExpenses":2834491000,"otherExpenses":21866000,"operatingExpenses":4294861000,"costAndExpenses":21714108000,"interestIncome":24533000,"interestExpense":663071000,"depreciationAndAmortization":1901050000,"ebitda":1694609000,"ebitdaratio":0.0789612711,"operatingIncome":-388073000,"operatingIncomeRatio":-0.0180824824,"totalOtherIncomeExpensesNet":-113367000,"incomeBeforeTax":-1004745000,"incomeBeforeTaxRatio":-0.0468166653,"incomeTaxExpense":57837000,"netIncome":-976091000,"netIncomeRatio":-0.0454815158,"eps":-0.38,"epsdiluted":-0.38,"weightedAverageShsOut":2559000000,"weightedAverageShsOutDil":2559000000,"link":"https:\/\/www.sec.gov\/Archives\/edgar\/data\/1318605\/000156459019003165\/0001564590-19-003165-index.htm","finalLink":"https:\/\/www.sec.gov\/Archives\/edgar\/data\/1318605\/000156459019003165\/tsla-10k_20181231.htm","Ticker":"TSLA"}
{"date":"2022-12-31","symbol":"META","reportedCurrency":"USD","cik":"0001326801","fillingDate":"2023-02-02","acceptedDate":"2023-02-01 20:26:31","calendarYear":"2022","period":"FY","revenue":116609000000,"costOfRevenue":25249000000,"grossProfit":91360000000,"grossProfitRatio":0.7834729738,"researchAndDevelopmentExpenses":35338000000,"generalAndAdministrativeExpenses":11816000000,"sellingAndMarketingExpenses":15262000000,"sellingGeneralAndAdministrativeExpenses":27078000000,"otherExpenses":-320000000,"operatingExpenses":62416000000,"costAndExpenses":87665000000,"interestIncome":276000000,"interestExpense":-125000000,"depreciationAndAmortization":8686000000,"ebitda":37630000000,"ebitdaratio":0.3227023643,"operatingIncome":28944000000,"operatingIncomeRatio":0.2482141173,"totalOtherIncomeExpensesNet":-125000000,"incomeBeforeTax":28819000000,"incomeBeforeTaxRatio":0.2471421588,"incomeTaxExpense":5619000000,"netIncome":23200000000,"netIncomeRatio":0.1989554837,"eps":8.63,"epsdiluted":8.59,"weightedAverageShsOut":2687000000,"weightedAverageShsOutDil":2702000000,"link":"https:\/\/www.sec.gov\/Archives\/edgar\/data\/1326801\/000132680123000013\/0001326801-23-000013-index.htm","finalLink":"https:\/\/www.sec.gov\/Archives\/edgar\/data\/1326801\/000132680123000013\/meta-20221231.htm","Ticker":"META"}
{"date":"2021-12-31","symbol":"META","reportedCurrency":"USD","cik":"0001326801","fillingDate":"2022-02-03","acceptedDate":"2022-02-02 21:11:04","calendarYear":"2021","period":"FY","revenue":117929000000,"costOfRevenue":22649000000,"grossProfit":95280000000,"grossProfitRatio":0.8079437628,"researchAndDevelopmentExpenses":24655000000,"generalAndAdministrativeExpenses":9829000000,"sellingAndMarketingExpenses":14043000000,"sellingGeneralAndAdministrativeExpenses":23872000000,"otherExpenses":210000000,"operatingExpenses":48527000000,"costAndExpenses":71176000000,"interestIncome":531000000,"interestExpense":0,"depreciationAndAmortization":7967000000,"ebitda":54720000000,"ebitdaratio":0.4640080048,"operatingIncome":46753000000,"operatingIncomeRatio":0.3964504066,"totalOtherIncomeExpensesNet":531000000,"incomeBeforeTax":47284000000,"incomeBeforeTaxRatio":0.4009531159,"incomeTaxExpense":7914000000,"netIncome":39370000000,"netIncomeRatio":0.3338449406,"eps":13.99,"epsdiluted":13.77,"weightedAverageShsOut":2815000000,"weightedAverageShsOutDil":2859000000,"link":"https:\/\/www.sec.gov\/Archives\/edgar\/data\/1326801\/000132680122000018\/0001326801-22-000018-index.htm","finalLink":"https:\/\/www.sec.gov\/Archives\/edgar\/data\/1326801\/000132680122000018\/fb-20211231.htm","Ticker":"META"}
{"date":"2020-12-31","symbol":"META","reportedCurrency":"USD","cik":"0001326801","fillingDate":"2021-01-28","acceptedDate":"2021-01-27 21:13:48","calendarYear":"2020","period":"FY","revenue":85965000000,"costOfRevenue":16692000000,"grossProfit":69273000000,"grossProfitRatio":0.8058279532,"researchAndDevelopmentExpenses":18447000000,"generalAndAdministrativeExpenses":6564000000,"sellingAndMarketingExpenses":11591000000,"sellingGeneralAndAdministrativeExpenses":18155000000,"otherExpenses":-34000000,"operatingExpenses":36602000000,"costAndExpenses":53294000000,"interestIncome":509000000,"interestExpense":0,"depreciationAndAmortization":6862000000,"ebitda":39533000000,"ebitdaratio":0.4598732042,"operatingIncome":32671000000,"operatingIncomeRatio":0.3800500204,"totalOtherIncomeExpensesNet":509000000,"incomeBeforeTax":33180000000,"incomeBeforeTaxRatio":0.3859710347,"incomeTaxExpense":4034000000,"netIncome":29146000000,"netIncomeRatio":0.3390449602,"eps":10.22,"epsdiluted":10.09,"weightedAverageShsOut":2851000000,"weightedAverageShsOutDil":2888000000,"link":"https:\/\/www.sec.gov\/Archives\/edgar\/data\/1326801\/000132680121000014\/0001326801-21-000014-index.htm","finalLink":"https:\/\/www.sec.gov\/Archives\/edgar\/data\/1326801\/000132680121000014\/fb-20201231.htm","Ticker":"META"}
{"date":"2019-12-31","symbol":"META","reportedCurrency":"USD","cik":"0001326801","fillingDate":"2020-01-30","acceptedDate":"2020-01-29 21:12:14","calendarYear":"2019","period":"FY","revenue":70697000000,"costOfRevenue":12770000000,"grossProfit":57927000000,"grossProfitRatio":0.8193699874,"researchAndDevelopmentExpenses":13600000000,"generalAndAdministrativeExpenses":10465000000,"sellingAndMarketingExpenses":9876000000,"sellingGeneralAndAdministrativeExpenses":20341000000,"otherExpenses":27000000,"operatingExpenses":33941000000,"costAndExpenses":46711000000,"interestIncome":924000000,"interestExpense":20000000,"depreciationAndAmortization":5741000000,"ebitda":29727000000,"ebitdaratio":0.4204846033,"operatingIncome":23986000000,"operatingIncomeRatio":0.3392788944,"totalOtherIncomeExpensesNet":826000000,"incomeBeforeTax":24812000000,"incomeBeforeTaxRatio":0.3509625585,"incomeTaxExpense":6327000000,"netIncome":18485000000,"netIncomeRatio":0.2614679548,"eps":6.48,"epsdiluted":6.43,"weightedAverageShsOut":2854000022,"weightedAverageShsOutDil":2876000023,"link":"https:\/\/www.sec.gov\/Archives\/edgar\/data\/1326801\/000132680120000013\/0001326801-20-000013-index.htm","finalLink":"https:\/\/www.sec.gov\/Archives\/edgar\/data\/1326801\/000132680120000013\/fb-12312019x10k.htm","Ticker":"META"}
{"date":"2018-12-31","symbol":"META","reportedCurrency":"USD","cik":"0001326801","fillingDate":"2019-01-31","acceptedDate":"2019-01-31 16:58:29","calendarYear":"2018","period":"FY","revenue":55838000000,"costOfRevenue":9355000000,"grossProfit":46483000000,"grossProfitRatio":0.8324617644,"researchAndDevelopmentExpenses":10273000000,"generalAndAdministrativeExpenses":3451000000,"sellingAndMarketingExpenses":7846000000,"sellingGeneralAndAdministrativeExpenses":11297000000,"otherExpenses":9000000,"operatingExpenses":21570000000,"costAndExpenses":30925000000,"interestIncome":661000000,"interestExpense":9000000,"depreciationAndAmortization":4315000000,"ebitda":29228000000,"ebitdaratio":0.5234428167,"operatingIncome":24913000000,"operatingIncomeRatio":0.4461656936,"totalOtherIncomeExpensesNet":-204000000,"incomeBeforeTax":25361000000,"incomeBeforeTaxRatio":0.4541889036,"incomeTaxExpense":3249000000,"netIncome":22112000000,"netIncomeRatio":0.3960027222,"eps":7.65,"epsdiluted":7.57,"weightedAverageShsOut":2890000023,"weightedAverageShsOutDil":2921000023,"link":"https:\/\/www.sec.gov\/Archives\/edgar\/data\/1326801\/000132680119000009\/0001326801-19-000009-index.htm","finalLink":"https:\/\/www.sec.gov\/Archives\/edgar\/data\/1326801\/000132680119000009\/fb-12312018x10k.htm","Ticker":"META"}
{"date":"2023-01-29","symbol":"NVDA","reportedCurrency":"USD","cik":"0001045810","fillingDate":"2023-02-24","acceptedDate":"2023-02-24 17:23:43","calendarYear":"2023","period":"FY","revenue":26974000000,"costOfRevenue":11618000000,"grossProfit":15356000000,"grossProfitRatio":0.5692889449,"researchAndDevelopmentExpenses":7339000000,"generalAndAdministrativeExpenses":0,"sellingAndMarketingExpenses":0,"sellingGeneralAndAdministrativeExpenses":2440000000,"otherExpenses":-48000000,"operatingExpenses":9779000000,"costAndExpenses":21397000000,"interestIncome":267000000,"interestExpense":262000000,"depreciationAndAmortization":1544000000,"ebitda":7340000000,"ebitdaratio":0.2721138874,"operatingIncome":4224000000,"operatingIncomeRatio":0.1565952399,"totalOtherIncomeExpensesNet":-1615000000,"incomeBeforeTax":4181000000,"incomeBeforeTaxRatio":0.1550011122,"incomeTaxExpense":-187000000,"netIncome":4368000000,"netIncomeRatio":0.1619337139,"eps":1.76,"epsdiluted":1.74,"weightedAverageShsOut":2487000000,"weightedAverageShsOutDil":2507000000,"link":"https:\/\/www.sec.gov\/Archives\/edgar\/data\/1045810\/000104581023000017\/0001045810-23-000017-index.htm","finalLink":"https:\/\/www.sec.gov\/Archives\/edgar\/data\/1045810\/000104581023000017\/nvda-20230129.htm","Ticker":"NVDA"}
{"date":"2022-01-30","symbol":"NVDA","reportedCurrency":"USD","cik":"0001045810","fillingDate":"2022-03-18","acceptedDate":"2022-03-17 20:33:34","calendarYear":"2022","period":"FY","revenue":26914000000,"costOfRevenue":9439000000,"grossProfit":17475000000,"grossProfitRatio":0.6492903322,"researchAndDevelopmentExpenses":5268000000,"generalAndAdministrativeExpenses":0,"sellingAndMarketingExpenses":0,"sellingGeneralAndAdministrativeExpenses":2166000000,"otherExpenses":107000000,"operatingExpenses":7434000000,"costAndExpenses":16873000000,"interestIncome":29000000,"interestExpense":236000000,"depreciationAndAmortization":1310000000,"ebitda":11351000000,"ebitdaratio":0.4217507617,"operatingIncome":10041000000,"operatingIncomeRatio":0.3730772089,"totalOtherIncomeExpensesNet":-100000000,"incomeBeforeTax":9941000000,"incomeBeforeTaxRatio":0.3693616705,"incomeTaxExpense":189000000,"netIncome":9752000000,"netIncomeRatio":0.362339303,"eps":3.91,"epsdiluted":3.85,"weightedAverageShsOut":2496000000,"weightedAverageShsOutDil":2535000000,"link":"https:\/\/www.sec.gov\/Archives\/edgar\/data\/1045810\/000104581022000036\/0001045810-22-000036-index.htm","finalLink":"https:\/\/www.sec.gov\/Archives\/edgar\/data\/1045810\/000104581022000036\/nvda-20220130.htm","Ticker":"NVDA"}
{"date":"2021-01-31","symbol":"NVDA","reportedCurrency":"USD","cik":"0001045810","fillingDate":"2021-02-26","acceptedDate":"2021-02-26 17:03:14","calendarYear":"2021","period":"FY","revenue":16675000000,"costOfRevenue":6279000000,"grossProfit":10396000000,"grossProfitRatio":0.6234482759,"researchAndDevelopmentExpenses":3924000000,"generalAndAdministrativeExpenses":0,"sellingAndMarketingExpenses":0,"sellingGeneralAndAdministrativeExpenses":1940000000,"otherExpenses":4000000,"operatingExpenses":5864000000,"costAndExpenses":12143000000,"interestIncome":57000000,"interestExpense":184000000,"depreciationAndAmortization":1159000000,"ebitda":5691000000,"ebitdaratio":0.3412893553,"operatingIncome":4532000000,"operatingIncomeRatio":0.2717841079,"totalOtherIncomeExpensesNet":-123000000,"incomeBeforeTax":4409000000,"incomeBeforeTaxRatio":0.2644077961,"incomeTaxExpense":77000000,"netIncome":4332000000,"netIncomeRatio":0.2597901049,"eps":1.76,"epsdiluted":1.73,"weightedAverageShsOut":2468000000,"weightedAverageShsOutDil":2512000000,"link":"https:\/\/www.sec.gov\/Archives\/edgar\/data\/1045810\/000104581021000010\/0001045810-21-000010-index.htm","finalLink":"https:\/\/www.sec.gov\/Archives\/edgar\/data\/1045810\/000104581021000010\/nvda-20210131.htm","Ticker":"NVDA"}
{"date":"2020-01-26","symbol":"NVDA","reportedCurrency":"USD","cik":"0001045810","fillingDate":"2020-02-20","acceptedDate":"2020-02-20 16:38:18","calendarYear":"2020","period":"FY","revenue":10918000000,"costOfRevenue":4150000000,"grossProfit":6768000000,"grossProfitRatio":0.6198937534,"researchAndDevelopmentExpenses":2829000000,"generalAndAdministrativeExpenses":0,"sellingAndMarketingExpenses":0,"sellingGeneralAndAdministrativeExpenses":1093000000,"otherExpenses":-2000000,"operatingExpenses":3922000000,"costAndExpenses":8072000000,"interestIncome":178000000,"interestExpense":52000000,"depreciationAndAmortization":557000000,"ebitda":3403000000,"ebitdaratio":0.3116871222,"operatingIncome":2846000000,"operatingIncomeRatio":0.2606704525,"totalOtherIncomeExpensesNet":124000000,"incomeBeforeTax":2970000000,"incomeBeforeTaxRatio":0.2720278439,"incomeTaxExpense":174000000,"netIncome":2796000000,"netIncomeRatio":0.2560908591,"eps":1.15,"epsdiluted":1.13,"weightedAverageShsOut":2436000000,"weightedAverageShsOutDil":2472000000,"link":"https:\/\/www.sec.gov\/Archives\/edgar\/data\/1045810\/000104581020000010\/0001045810-20-000010-index.htm","finalLink":"https:\/\/www.sec.gov\/Archives\/edgar\/data\/1045810\/000104581020000010\/nvda-2020x10k.htm","Ticker":"NVDA"}
{"date":"2019-01-27","symbol":"NVDA","reportedCurrency":"USD","cik":"0001045810","fillingDate":"2019-02-21","acceptedDate":"2019-02-21 16:37:18","calendarYear":"2019","period":"FY","revenue":11716000000,"costOfRevenue":4545000000,"grossProfit":7171000000,"grossProfitRatio":0.6120689655,"researchAndDevelopmentExpenses":2376000000,"generalAndAdministrativeExpenses":0,"sellingAndMarketingExpenses":0,"sellingGeneralAndAdministrativeExpenses":991000000,"otherExpenses":14000000,"operatingExpenses":3367000000,"costAndExpenses":7912000000,"interestIncome":136000000,"interestExpense":58000000,"depreciationAndAmortization":262000000,"ebitda":3954000000,"ebitdaratio":0.337487197,"operatingIncome":3804000000,"operatingIncomeRatio":0.3246841926,"totalOtherIncomeExpensesNet":14000000,"incomeBeforeTax":3896000000,"incomeBeforeTaxRatio":0.3325367019,"incomeTaxExpense":-245000000,"netIncome":4141000000,"netIncomeRatio":0.3534482759,"eps":1.7,"epsdiluted":1.66,"weightedAverageShsOut":2432000000,"weightedAverageShsOutDil":2500000000,"link":"https:\/\/www.sec.gov\/Archives\/edgar\/data\/1045810\/000104581019000023\/0001045810-19-000023-index.htm","finalLink":"https:\/\/www.sec.gov\/Archives\/edgar\/data\/1045810\/000104581019000023\/nvda-2019x10k.htm","Ticker":"NVDA"}
{"date":"2022-12-31","symbol":"JPM","reportedCurrency":"USD","cik":"0000019617","fillingDate":"2023-02-21","acceptedDate":"2023-02-21 16:13:55","calendarYear":"2022","period":"FY","revenue":128695000000,"costOfRevenue":0,"grossProfit":128695000000,"grossProfitRatio":1.0,"researchAndDevelopmentExpenses":0,"generalAndAdministrativeExpenses":19532000000,"sellingAndMarketingExpenses":3911000000,"sellingGeneralAndAdministrativeExpenses":69775000000,"otherExpenses":0,"operatingExpenses":-76140000000,"costAndExpenses":-76140000000,"interestIncome":92807000000,"interestExpense":26097000000,"depreciationAndAmortization":7051000000,"ebitda":44382000000,"ebitdaratio":0.3448618827,"operatingIncome":37331000000,"operatingIncomeRatio":0.2900734294,"totalOtherIncomeExpensesNet":8835000000,"incomeBeforeTax":46166000000,"incomeBeforeTaxRatio":0.3587241152,"incomeTaxExpense":8490000000,"netIncome":37676000000,"netIncomeRatio":0.2927541863,"eps":12.1,"epsdiluted":12.09,"weightedAverageShsOut":2970000000,"weightedAverageShsOutDil":2970000000,"link":"https:\/\/www.sec.gov\/Archives\/edgar\/data\/19617\/000001961723000231\/0000019617-23-000231-index.htm","finalLink":"https:\/\/www.sec.gov\/Archives\/edgar\/data\/19617\/000001961723000231\/jpm-20221231.htm","Ticker":"JPM"}
{"date":"2021-12-31","symbol":"JPM","reportedCurrency":"USD","cik":"0000019617","fillingDate":"2022-02-22","acceptedDate":"2022-02-22 16:56:31","calendarYear":"2021","period":"FY","revenue":121649000000,"costOfRevenue":0,"grossProfit":121649000000,"grossProfitRatio":1.0,"researchAndDevelopmentExpenses":0,"generalAndAdministrativeExpenses":38567000000,"sellingAndMarketingExpenses":3036000000,"sellingGeneralAndAdministrativeExpenses":41603000000,"otherExpenses":-103690000000,"operatingExpenses":-62087000000,"costAndExpenses":-62087000000,"interestIncome":57864000000,"interestExpense":5553000000,"depreciationAndAmortization":7932000000,"ebitda":67494000000,"ebitdaratio":0.5548257692,"operatingIncome":59562000000,"operatingIncomeRatio":0.4896217807,"totalOtherIncomeExpensesNet":0,"incomeBeforeTax":59562000000,"incomeBeforeTaxRatio":0.4896217807,"incomeTaxExpense":11228000000,"netIncome":48334000000,"netIncomeRatio":0.397323447,"eps":15.39,"epsdiluted":15.36,"weightedAverageShsOut":3021500000,"weightedAverageShsOutDil":3026600000,"link":"https:\/\/www.sec.gov\/Archives\/edgar\/data\/19617\/000001961722000272\/0000019617-22-000272-index.htm","finalLink":"https:\/\/www.sec.gov\/Archives\/edgar\/data\/19617\/000001961722000272\/jpm-20211231.htm","Ticker":"JPM"}
{"date":"2020-12-31","symbol":"JPM","reportedCurrency":"USD","cik":"0000019617","fillingDate":"2021-02-23","acceptedDate":"2021-02-23 16:17:29","calendarYear":"2020","period":"FY","revenue":119543000000,"costOfRevenue":0,"grossProfit":119543000000,"grossProfitRatio":1.0,"researchAndDevelopmentExpenses":0,"generalAndAdministrativeExpenses":34988000000,"sellingAndMarketingExpenses":2476000000,"sellingGeneralAndAdministrativeExpenses":37464000000,"otherExpenses":-121600000000,"operatingExpenses":-84136000000,"costAndExpenses":-84136000000,"interestIncome":64523000000,"interestExpense":9960000000,"depreciationAndAmortization":8614000000,"ebitda":44021000000,"ebitdaratio":0.3682440628,"operatingIncome":35407000000,"operatingIncomeRatio":0.2961863095,"totalOtherIncomeExpensesNet":0,"incomeBeforeTax":35407000000,"incomeBeforeTaxRatio":0.2961863095,"incomeTaxExpense":6276000000,"netIncome":29131000000,"netIncomeRatio":0.2436863723,"eps":8.89,"epsdiluted":8.88,"weightedAverageShsOut":3082400000,"weightedAverageShsOutDil":3087400000,"link":"https:\/\/www.sec.gov\/Archives\/edgar\/data\/19617\/000001961721000236\/0000019617-21-000236-index.htm","finalLink":"https:\/\/www.sec.gov\/Archives\/edgar\/data\/19617\/000001961721000236\/jpm-20201231.htm","Ticker":"JPM"}
{"date":"2019-12-31","symbol":"JPM","reportedCurrency":"USD","cik":"0000019617","fillingDate":"2020-02-25","acceptedDate":"2020-02-25 16:31:02","calendarYear":"2019","period":"FY","revenue":115627000000,"costOfRevenue":0,"grossProfit":115627000000,"grossProfitRatio":1.0,"researchAndDevelopmentExpenses":0,"generalAndAdministrativeExpenses":34155000000,"sellingAndMarketingExpenses":3579000000,"sellingGeneralAndAdministrativeExpenses":37734000000,"otherExpenses":-108816000000,"operatingExpenses":-71082000000,"costAndExpenses":-71082000000,"interestIncome":84040000000,"interestExpense":26795000000,"depreciationAndAmortization":8368000000,"ebitda":52913000000,"ebitdaratio":0.4576180304,"operatingIncome":44545000000,"operatingIncomeRatio":0.3852473903,"totalOtherIncomeExpensesNet":0,"incomeBeforeTax":44545000000,"incomeBeforeTaxRatio":0.3852473903,"incomeTaxExpense":8114000000,"netIncome":36431000000,"netIncomeRatio":0.315073469,"eps":10.75,"epsdiluted":10.72,"weightedAverageShsOut":3221500000,"weightedAverageShsOutDil":3230400000,"link":"https:\/\/www.sec.gov\/Archives\/edgar\/data\/19617\/000001961720000257\/0000019617-20-000257-index.html","finalLink":"https:\/\/www.sec.gov\/Archives\/edgar\/data\/19617\/000001961720000257\/corp10k2019.htm","Ticker":"JPM"}
{"date":"2018-12-31","symbol":"JPM","reportedCurrency":"USD","cik":"0000019617","fillingDate":"2019-02-26","acceptedDate":"2019-02-26 16:57:25","calendarYear":"2018","period":"FY","revenue":109029000000,"costOfRevenue":0,"grossProfit":109029000000,"grossProfitRatio":1.0,"researchAndDevelopmentExpenses":0,"generalAndAdministrativeExpenses":17304000000,"sellingAndMarketingExpenses":3044000000,"sellingGeneralAndAdministrativeExpenses":57417000000,"otherExpenses":0,"operatingExpenses":-62980000000,"costAndExpenses":-62980000000,"interestIncome":77442000000,"interestExpense":22383000000,"depreciationAndAmortization":7791000000,"ebitda":38999000000,"ebitdaratio":0.3576938246,"operatingIncome":31208000000,"operatingIncomeRatio":0.2862357721,"totalOtherIncomeExpensesNet":40764000000,"incomeBeforeTax":40764000000,"incomeBeforeTaxRatio":0.3738821781,"incomeTaxExpense":8290000000,"netIncome":32474000000,"netIncomeRatio":0.2978473617,"eps":9.51,"epsdiluted":9.51,"weightedAverageShsOut":3414000000,"weightedAverageShsOutDil":3414000000,"link":"https:\/\/www.sec.gov\/Archives\/edgar\/data\/19617\/000001961719000054\/0000019617-19-000054-index.html","finalLink":"https:\/\/www.sec.gov\/Archives\/edgar\/data\/19617\/000001961719000054\/corp10k2018.htm","Ticker":"JPM"}
{"date":"2022-12-31","symbol":"GS","reportedCurrency":"USD","cik":"0000886982","fillingDate":"2023-02-24","acceptedDate":"2023-02-23 19:58:16","calendarYear":"2022","period":"FY","revenue":47365000000,"costOfRevenue":16174000000,"grossProfit":31191000000,"grossProfitRatio":0.6585242267,"researchAndDevelopmentExpenses":0,"generalAndAdministrativeExpenses":15148000000,"sellingAndMarketingExpenses":812000000,"sellingGeneralAndAdministrativeExpenses":15960000000,"otherExpenses":13103000000,"operatingExpenses":31164000000,"costAndExpenses":31164000000,"interestIncome":29024000000,"interestExpense":21346000000,"depreciationAndAmortization":2455000000,"ebitda":37287000000,"ebitdaratio":0.7872268553,"operatingIncome":34832000000,"operatingIncomeRatio":0.7353953341,"totalOtherIncomeExpensesNet":-21346000000,"incomeBeforeTax":13486000000,"incomeBeforeTaxRatio":0.2847250079,"incomeTaxExpense":2225000000,"netIncome":11261000000,"netIncomeRatio":0.237749393,"eps":32.49,"epsdiluted":31.96,"weightedAverageShsOut":346600000,"weightedAverageShsOutDil":352300000,"link":"https:\/\/www.sec.gov\/Archives\/edgar\/data\/886982\/000088698223000003\/0000886982-23-000003-index.htm","finalLink":"https:\/\/www.sec.gov\/Archives\/edgar\/data\/886982\/000088698223000003\/gs-20221231.htm","Ticker":"GS"}
{"date":"2021-12-31","symbol":"GS","reportedCurrency":"USD","cik":"0000886982","fillingDate":"2022-02-25","acceptedDate":"2022-02-24 21:09:11","calendarYear":"2021","period":"FY","revenue":59339000000,"costOfRevenue":18700000000,"grossProfit":40639000000,"grossProfitRatio":0.6848615582,"researchAndDevelopmentExpenses":0,"generalAndAdministrativeExpenses":17719000000,"sellingAndMarketingExpenses":553000000,"sellingGeneralAndAdministrativeExpenses":18272000000,"otherExpenses":-50567000000,"operatingExpenses":-32295000000,"costAndExpenses":-32295000000,"interestIncome":12120000000,"interestExpense":5650000000,"depreciationAndAmortization":2015000000,"ebitda":29059000000,"ebitdaratio":0.4897116568,"operatingIncome":27044000000,"operatingIncomeRatio":0.4557542257,"totalOtherIncomeExpensesNet":704000000,"incomeBeforeTax":27044000000,"incomeBeforeTaxRatio":0.4557542257,"incomeTaxExpense":5409000000,"netIncome":21635000000,"netIncomeRatio":0.3646000101,"eps":60.25,"epsdiluted":59.45,"weightedAverageShsOut":346599996,"weightedAverageShsOutDil":352299996,"link":"https:\/\/www.sec.gov\/Archives\/edgar\/data\/886982\/000119312522052682\/0001193125-22-052682-index.htm","finalLink":"https:\/\/www.sec.gov\/Archives\/edgar\/data\/886982\/000119312522052682\/d192225d10k.htm","Ticker":"GS"}
{"date":"2020-12-31","symbol":"GS","reportedCurrency":"USD","cik":"0000886982","fillingDate":"2021-02-22","acceptedDate":"2021-02-19 21:16:45","calendarYear":"2020","period":"FY","revenue":40419000000,"costOfRevenue":14269000000,"grossProfit":26150000000,"grossProfitRatio":0.6469729583,"researchAndDevelopmentExpenses":0,"generalAndAdministrativeExpenses":13309000000,"sellingAndMarketingExpenses":401000000,"sellingGeneralAndAdministrativeExpenses":13710000000,"otherExpenses":-41650000000,"operatingExpenses":-27940000000,"costAndExpenses":-27940000000,"interestIncome":13689000000,"interestExpense":8938000000,"depreciationAndAmortization":1902000000,"ebitda":14381000000,"ebitdaratio":0.3557980158,"operatingIncome":12479000000,"operatingIncomeRatio":0.3087409387,"totalOtherIncomeExpensesNet":-1367000000,"incomeBeforeTax":12479000000,"incomeBeforeTaxRatio":0.3087409387,"incomeTaxExpense":3020000000,"netIncome":9459000000,"netIncomeRatio":0.2340236028,"eps":24.94,"epsdiluted":24.74,"weightedAverageShsOut":356399996,"weightedAverageShsOutDil":360299996,"link":"https:\/\/www.sec.gov\/Archives\/edgar\/data\/886982\/000119312521049380\/0001193125-21-049380-index.htm","finalLink":"https:\/\/www.sec.gov\/Archives\/edgar\/data\/886982\/000119312521049380\/d39654d10k.htm","Ticker":"GS"}
{"date":"2019-12-31","symbol":"GS","reportedCurrency":"USD","cik":"0000886982","fillingDate":"2020-02-21","acceptedDate":"2020-02-20 21:09:56","calendarYear":"2019","period":"FY","revenue":33294000000,"costOfRevenue":13382000000,"grossProfit":19912000000,"grossProfitRatio":0.5980657175,"researchAndDevelopmentExpenses":0,"generalAndAdministrativeExpenses":12353000000,"sellingAndMarketingExpenses":739000000,"sellingGeneralAndAdministrativeExpenses":13092000000,"otherExpenses":-35803000000,"operatingExpenses":-22711000000,"costAndExpenses":-22711000000,"interestIncome":21738000000,"interestExpense":17376000000,"depreciationAndAmortization":1704000000,"ebitda":12287000000,"ebitdaratio":0.3690454737,"operatingIncome":10583000000,"operatingIncomeRatio":0.3178650808,"totalOtherIncomeExpensesNet":14562000000,"incomeBeforeTax":10583000000,"incomeBeforeTaxRatio":0.3178650808,"incomeTaxExpense":2117000000,"netIncome":8466000000,"netIncomeRatio":0.2542800505,"eps":21.18,"epsdiluted":21.03,"weightedAverageShsOut":371599996,"weightedAverageShsOutDil":375499996,"link":"https:\/\/www.sec.gov\/Archives\/edgar\/data\/886982\/000119312520043853\/0001193125-20-043853-index.html","finalLink":"https:\/\/www.sec.gov\/Archives\/edgar\/data\/886982\/000119312520043853\/d826673d10k.htm","Ticker":"GS"}
{"date":"2018-12-31","symbol":"GS","reportedCurrency":"USD","cik":"0000886982","fillingDate":"2019-02-26","acceptedDate":"2019-02-25 19:51:24","calendarYear":"2018","period":"FY","revenue":33416000000,"costOfRevenue":13137000000,"grossProfit":20279000000,"grossProfitRatio":0.6068649749,"researchAndDevelopmentExpenses":0,"generalAndAdministrativeExpenses":12328000000,"sellingAndMarketingExpenses":740000000,"sellingGeneralAndAdministrativeExpenses":13068000000,"otherExpenses":-18091000000,"operatingExpenses":-5023000000,"costAndExpenses":-5023000000,"interestIncome":19679000000,"interestExpense":15912000000,"depreciationAndAmortization":1328000000,"ebitda":29721000000,"ebitdaratio":0.8894242279,"operatingIncome":28393000000,"operatingIncomeRatio":0.8496827867,"totalOtherIncomeExpensesNet":-15912000000,"incomeBeforeTax":12481000000,"incomeBeforeTaxRatio":0.3735037108,"incomeTaxExpense":2022000000,"netIncome":10459000000,"netIncomeRatio":0.3129937754,"eps":27.14,"epsdiluted":26.8,"weightedAverageShsOut":385399996,"weightedAverageShsOutDil":390199996,"link":"https:\/\/www.sec.gov\/Archives\/edgar\/data\/886982\/000119312519050198\/0001193125-19-050198-index.html","finalLink":"https:\/\/www.sec.gov\/Archives\/edgar\/data\/886982\/000119312519050198\/d669877d10k.htm","Ticker":"GS"}
